% classification
@inproceedings{dynamic-qos-umeida,
  doi = {10.1109/umedia.2015.7297431},
  url = {https://doi.org/10.1109%2Fumedia.2015.7297431},
  year  = {2015},
  month = {aug},
  publisher = {Institute of Electrical and Electronics Engineers ({IEEE})},
  author = {Nen-Fu Huang and I-Ju Liao and Hung-Wei Liu and Sheng-Jung Wu and Chi-Sung Chou},
  title = {A dynamic {QoS} management system with flow classification platform for software-defined networks},
  booktitle = {2015 8th International Conference on Ubi-Media Computing ({UMEDIA})}
}

@inproceedings{network-slicing-asia-pacific,
  doi = {10.1109/apnoms.2016.7737286},
  url = {https://doi.org/10.1109%2Fapnoms.2016.7737286},
  year  = {2016},
  month = {oct},
  publisher = {Institute of Electrical and Electronics Engineers ({IEEE})},
  author = {Nen-Fu Huang and Sheng-Jung Wu and I-Ju Liao and Che-Wei Lin},
  title = {Bandwidth distribution for applications in slicing network toward {SDN} on {vCPE} framework},
  booktitle = {2016 18th Asia-Pacific Network Operations and Management Symposium ({APNOMS})}
}

@inproceedings{classfication-cloud,
  doi = {10.1109/icost.2012.6271287},
  url = {https://doi.org/10.1109%2Ficost.2012.6271287},
  year  = {2012},
  month = {jul},
  publisher = {Institute of Electrical and Electronics Engineers ({IEEE})},
  author = {Nen-Fu Huang and Gin-Yuan Jai and  Chih-Hao Chen and Han-Chieh Chao},
  title = {On the cloud-based network traffic classification and applications identification service},
  booktitle = {2012 International Conference on Selected Topics in Mobile and Wireless Networking}
}

@MastersThesis{Chia-Chin-master,
author = {Chia-Chin Chou},
title = {{A Cloud based Application Classification Service Platform with Machine Learning Algorithms}},
school = {National Tsing University},
address = {Taiwan},
year = {2013}
}

% John Lin Umedia

@techreport{onf-multi-tables,
	Author = {Open Networking Foundation},
	Title = {The benefits of multiple flow tables and TTPs},
	Url = {https://www.opennetworking.org/images/stories/downloads/sdn-resources/technical-reports/TR\_Multiple\_Flow\_Tables\_and\_TTPs.pdf},
	Urldate = {2017-02-17},
	Year = {2015},
	Bdsk-Url-1 = {https://www.opennetworking.org/images/stories/downloads/sdn-resources/technical-reports/TR%5C_Multiple%5C_Flow%5C_Tables%5C_and%5C_TTPs.pdf}}

@article{sdn-enabled,
	doi = {10.1109/mcom.2015.7081093},
	url = {https://doi.org/10.1109%2Fmcom.2015.7081093},
	year = 2015,
	month = {apr},
	publisher = {Institute of Electrical and Electronics Engineers ({IEEE})},
	volume = {53},
	number = {4},
	pages = {187--193},
	author = {Jon Matias and Jokin Garay and Nerea Toledo and Juanjo Unzilla and Eduardo Jacob},
	title = {Toward an {SDN}-enabled {NFV} architecture},
	journal = {{IEEE} Communications Magazine}
}

@inproceedings{nfv-home-environment,
  doi = {10.1109/ccnc.2014.6940493},
  url = {https://doi.org/10.1109%2Fccnc.2014.6940493},
  year  = {2014},
  month = {jan},
  publisher = {Institute of Electrical and Electronics Engineers ({IEEE})},
  author = {Zvika Bronstein and Eyal Shraga},
  title = {{NFV} virtualisation of the home environment},
  booktitle = {2014 {IEEE} 11th Consumer Communications and Networking Conference ({CCNC})}
}

@inproceedings{vcpe-enhance,
  doi = {10.1109/cloudcom.2012.6427560},
  url = {https://doi.org/10.1109%2Fcloudcom.2012.6427560},
  year  = {2012},
  month = {dec},
  publisher = {Institute of Electrical and Electronics Engineers ({IEEE})},
  author = {Pau Minoves and Ole Frendved and Bo Peng and Andrew Mackarel and Dave Wilson},
  title = {Virtual {CPE}: Enhancing {CPE}'s deployment and operations through virtualization},
  booktitle = {4th {IEEE} International Conference on Cloud Computing Technology and Science Proceedings}
}

@inproceedings{compare-vm-container,
  doi = {10.1109/ispass.2015.7095802},
  url = {https://doi.org/10.1109%2Fispass.2015.7095802},
  year  = {2015},
  month = {mar},
  publisher = {Institute of Electrical and Electronics Engineers ({IEEE})},
  author = {Wes Felter and Alexandre Ferreira and Ram Rajamony and Juan Rubio},
  title = {An updated performance comparison of virtual machines and Linux containers},
  booktitle = {2015 {IEEE} International Symposium on Performance Analysis of Systems and Software ({ISPASS})}
}

@inproceedings{sdn-qos-enable,
  doi = {10.1109/icc.2015.7249290},
  url = {https://doi.org/10.1109%2Ficc.2015.7249290},
  year  = {2015},
  month = {jun},
  publisher = {Institute of Electrical and Electronics Engineers ({IEEE})},
  author = {Davide Adami and Lisa Donatini and Stefano Giordano and Michele Pagano},
  title = {A network control application enabling Software-Defined Quality of Service},
  booktitle = {2015 {IEEE} International Conference on Communications ({ICC})}
}

@article{app-awareness-sdn,
  author = {Qazi, Zafar Ayyub and Lee, Jeongkeun and Jin, Tao and Bellala, Gowtham and Arndt, Manfred and Noubir, Guevara},
  title = {Application-awareness in SDN},
  journal = {SIGCOMM Comput. Commun. Rev.},
  issue_date = {October 2013},
  volume = {43},
  number = {4},
  month = aug,
  year = {2013},
  issn = {0146-4833},
  pages = {487--488},
  numpages = {2},
  url = {http://doi.acm.org/10.1145/2534169.2491700},
  doi = {10.1145/2534169.2491700},
  acmid = {2491700},
  publisher = {ACM},
  address = {New York, NY, USA},
  keywords = {application awareness, software-defined networking (sdn)},
}

@inproceedings{qoe-sdn,
  doi = {10.1109/glocom.2014.7036990},
  url = {https://doi.org/10.1109%2Fglocom.2014.7036990},
  year  = {2014},
  month = {dec},
  publisher = {Institute of Electrical and Electronics Engineers ({IEEE})},
  author = {Hyunwoo Nam and Kyung-Hwa Kim and Jong Yul Kim and Henning Schulzrinne},
  title = {Towards {QoE}-aware video streaming using {SDN}},
  booktitle = {2014 {IEEE} Global Communications Conference}
}

@article{ethane-control-enterprise,
  author = {Casado, Martin and Freedman, Michael J. and Pettit, Justin and Luo, Jianying and McKeown, Nick and Shenker, Scott},
  title = {Ethane: Taking Control of the Enterprise},
  journal = {SIGCOMM Comput. Commun. Rev.},
  issue_date = {October 2007},
  volume = {37},
  number = {4},
  month = aug,
  year = {2007},
  issn = {0146-4833},
  pages = {1--12},
  numpages = {12},
  url = {http://doi.acm.org/10.1145/1282427.1282382},
  doi = {10.1145/1282427.1282382},
  acmid = {1282382},
  publisher = {ACM},
  address = {New York, NY, USA},
  keywords = {architecture, management, network, security},
}

@article{openflow-campus-network,
 author = {McKeown, Nick and Anderson, Tom and Balakrishnan, Hari and Parulkar, Guru and Peterson, Larry and Rexford, Jennifer and Shenker, Scott and Turner, Jonathan},
 title = {OpenFlow: Enabling Innovation in Campus Networks},
 journal = {SIGCOMM Comput. Commun. Rev.},
 issue_date = {April 2008},
 volume = {38},
 number = {2},
 month = mar,
 year = {2008},
 issn = {0146-4833},
 pages = {69--74},
 numpages = {6},
 url = {http://doi.acm.org/10.1145/1355734.1355746},
 doi = {10.1145/1355734.1355746},
 acmid = {1355746},
 publisher = {ACM},
 address = {New York, NY, USA},
 keywords = {ethernet switch, flow-based, virtualization},
}

@misc{nfvwp,
  title= {Network Functions Virtualisation: An Introduction, Benefits, Enablers, Challenges and Call for Action, White Paper.},
	Howpublished = {\url{http://portal.etsi.org/NFV/NFV_White_Paper.pdf}},}

@misc{nec-vcpe,
  title = {{NEC's} {vCPE} Solutions},
  Howpublished = {\url{http://www.nec.com/en/global/solutions/tcs/vcpe/}},}

@misc{opennaas,
  title = {{OpenNaaS}},
  Howpublished = {\url{http://opennaas.org/}},}

@misc{vcpe-ericsson,
  title = {Virtual {CPE} and Software Defined Networking},
	Howpublished = {\url{http://www.ericsson.com/res/docs/2014/virtual-cpe-and-software-defined-networking.pdf}},}

@misc{sp:openflow13,
  title = {OpenFlow Switch Specification},
  number = {1.3.0},
  organization = {Open Networking Foundation},
  year = {2012},
  month = {June},
  Howpublished  =  {\url{https://www.opennetworking.org/images/stories/downloads/sdn-resources/onf-specifications/openflow/openflow-spec-v1.3.0.pdf}},}

@misc{sp:openflow1.5,
  title={OpenFlow Switch Specification},
  number={1.3.0},
  organization={Open Networking Foundation},
  year={2012},
  month={June},
  Howpublished = {\url{https://www.opennetworking.org/images/stories/downloads/sdn-resources/onf-specifications/openflow/openflow-spec-v1.3.0.pdf}},}

@misc{web:ryu,
  title = {Ryu {SDN} Framework},
  Howpublished = {\url{http://osrg.github.io/ryu/}},}

% John Lin matser paper

@inproceedings{laptop-sdn,
  author = {Lantz, Bob and Heller, Brandon and McKeown, Nick},
  title = {A Network in a Laptop: Rapid Prototyping for Software-defined Networks},
  booktitle = {Proceedings of the 9th ACM SIGCOMM Workshop on Hot Topics in Networks},
  series = {Hotnets-IX},
  year = {2010},
  isbn = {978-1-4503-0409-2},
  location = {Monterey, California},
  pages = {19:1--19:6},
  articleno = {19},
  numpages = {6},
  url = {http://doi.acm.org/10.1145/1868447.1868466},
  doi = {10.1145/1868447.1868466},
  acmid = {1868466},
  publisher = {ACM},
  address = {New York, NY, USA},
  keywords = {emulation, open-flow, rapid prototyping, software defined networking, virtualization},
}

@inproceedings{management-opennass,
  doi = {10.1109/saconet.2013.6654560},
  url = {https://doi.org/10.1109%2Fsaconet.2013.6654560},
  year  = {2013},
  month = {jun},
  publisher = {Institute of Electrical and Electronics Engineers ({IEEE})},
  author = {Jordi Ferrer Riera and Eduard Escalona and Josep Batalle and Joan A. Garcia-Espin and Sergi Figuerola},
  title = {Management of Virtual Infrastructures through {OpenNaaS}},
  booktitle = {2013 International Conference on Smart Communications in Network Technologies ({SaCoNeT})}
}

@inproceedings{cloud4nfv,
  doi = {10.1109/cloudnet.2014.6969010},
  url = {https://doi.org/10.1109%2Fcloudnet.2014.6969010},
  year  = {2014},
  month = {oct},
  publisher = {Institute of Electrical and Electronics Engineers ({IEEE})},
  author = {Joao Soares and Miguel Dias and Jorge Carapinha and Bruno Parreira and Susana Sargento},
  title = {Cloud4NFV: A platform for Virtual Network Functions},
  booktitle = {2014 {IEEE} 3rd International Conference on Cloud Networking ({CloudNet})}
}

@inproceedings{multiple-cloud-framework,
  doi = {10.1109/cloud.2012.104},
  url = {https://doi.org/10.1109%2Fcloud.2012.104},
  year  = {2012},
  month = {jun},
  publisher = {Institute of Electrical and Electronics Engineers ({IEEE})},
  author = {Gregor von Laszewski and Javier Diaz and Fugang Wang and Geoffrey C. Fox},
  title = {Comparison of Multiple Cloud Frameworks},
  booktitle = {2012 {IEEE} Fifth International Conference on Cloud Computing}
}

@inproceedings{opennaas-solution,
  doi = {10.1109/cloudcom.2013.107},
  url = {https://doi.org/10.1109%2Fcloudcom.2013.107},
  year  = {2013},
  month = {dec},
  publisher = {Institute of Electrical and Electronics Engineers ({IEEE})},
  author = {Jose Ignacio Aznar and Manel Jara and Adrian Rosello and Dave Wilson and Sergi Figuerola},
  title = {{OpenNaaS} Based Management Solution for Inter-data Centers Connectivity},
  booktitle = {2013 {IEEE} 5th International Conference on Cloud Computing Technology and Science}
}

@inproceedings{netfate,
  doi = {10.1109/netsoft.2015.7116179},
  url = {https://doi.org/10.1109%2Fnetsoft.2015.7116179},
  year  = {2015},
  month = {apr},
  publisher = {Institute of Electrical and Electronics Engineers ({IEEE})},
  author = {A. Lombardo and A. Manzalini and G. Schembra and G. Faraci and C. Rametta and V. Riccobene},
  title = {An open framework to enable {NetFATE} (Network Functions at the edge)},
  booktitle = {Proceedings of the 2015 1st {IEEE} Conference on Network Softwarization ({NetSoft})}
}

@article{dynamo,
  author = {DeCandia, Giuseppe and Hastorun, Deniz and Jampani, Madan and Kakulapati, Gunavardhan and Lakshman, Avinash and Pilchin, Alex and Sivasubramanian, Swaminathan and Vosshall, Peter and Vogels, Werner},
  title = {Dynamo: Amazon's Highly Available Key-value Store},
  journal = {SIGOPS Oper. Syst. Rev.},
  issue_date = {December 2007},
  volume = {41},
  number = {6},
  month = oct,
  year = {2007},
  issn = {0163-5980},
  pages = {205--220},
  numpages = {16},
  url = {http://doi.acm.org/10.1145/1323293.1294281},
  doi = {10.1145/1323293.1294281},
  acmid = {1294281},
  publisher = {ACM},
  address = {New York, NY, USA},
  keywords = {performance, reliability, scalability},
}

@article{sd-home-network,
  doi = {10.1109/tce.2014.6937340},
  url = {https://doi.org/10.1109%2Ftce.2014.6937340},
  year  = {2014},
  month = {aug},
  publisher = {Institute of Electrical and Electronics Engineers ({IEEE})},
  volume = {60},
  number = {3},
  pages = {534--539},
  author = {Jinyong Jo and Soyeon Lee and Jong Kim},
  title = {Software-defined home networking devices for multi-home visual sharing},
  journal = {{IEEE} Transactions on Consumer Electronics}
}

@inproceedings{residential-gateway,
  doi = {10.1109/icsess.2010.5552422},
  url = {https://doi.org/10.1109%2Ficsess.2010.5552422},
  year  = {2010},
  month = {jul},
  publisher = {Institute of Electrical and Electronics Engineers ({IEEE})},
  author = {Zhiqiang Wei and Jing Li and Yongquan Yang and Dongning Jia},
  title = {A residential gateway architecture based on Cloud computing},
  booktitle = {2010 {IEEE} International Conference on Software Engineering and Service Sciences}
}

@inproceedings{security-vgateway,
  doi = {10.1109/securware.2009.18},
  url = {https://doi.org/10.1109%2Fsecurware.2009.18},
  year  = {2009},
  publisher = {Institute of Electrical and Electronics Engineers ({IEEE})},
  author = {Mario Ibanez and Natividad Mart{\'{\i}}nez Madrid and Ralf Seepold},
  title = {Security Management with Virtual Gateway Platforms},
  booktitle = {2009 Third International Conference on Emerging Security Information,  Systems and Technologies}
}

@misc{opennebula,
  title = {{OpenNebula}},
  Howpublished = {\url{https://opennebula.org/}},}

@misc{openstack,
  title = {{OpenStack}},
  Howpublished = {\url{https://www.openstack.org/}},}

@misc{docker,
  title = {{Docker}},
  Howpublished = {\url{https://www.docker.com/}},}

@misc{onf,
  title = {{Open Networking Foundation}},
  Howpublished = {\url{https://www.opennetworking.org/index.php}},}

@misc{netfpga,
  title = {{NetFPGA}},
  Howpublished = {\url{http://netfpga.org/site/#/}},}

@misc{iperf,
  title = {{iPerf}},
  Howpublished = {\url{https://iperf.fr/iperf-doc.php}},}

@misc{nox-pox,
  title = {{NOX/POX}},
  Howpublished = {\url{http://www.noxrepo.org/}},}

@misc{floodlight,
  title = {{Floodlight}},
  Howpublished = {\url{http://www.projectfloodlight.org/floodlight/}},}

@misc{opendaylight,
  title = {{OpenDayLight}},
  Howpublished = {\url{https://www.opendaylight.org/}},}

@misc{onos,
  title = {{ONOS}},
  Howpublished = {\url{http://onosproject.org}},}

@misc{pica8-switch,
  title = {{Pica8 OpenFlow-enabled switches}},
  Howpublished = {\url{http://www.pica8.com/products/pre-loaded-switches}},}

@misc{edge-core-switch,
  title = {{Edge Core switches}},
  Howpublished = {\url{http://www.edge-core.com/productsKind.php?cls=1}},}
@misc{lagopus-switch,
  title = {{Edge Core switches}},
  Howpublished = {\url{http://www.lagopus.org}},}

@misc{hp-switch,
  title = {{HP OpenFlow-enabled switches}},
  Howpublished = {\url{http://h17007.www1.hpe.com/cz/en/networking/solutions/technology/sdn/portfolio.aspx#infrastructure}},}

@article{nfv-challenge,
  doi = {10.1109/mcom.2015.7045396},
  url = {https://doi.org/10.1109%2Fmcom.2015.7045396},
  year  = {2015},
  month = {feb},
  publisher = {Institute of Electrical and Electronics Engineers ({IEEE})},
  volume = {53},
  number = {2},
  pages = {90--97},
  author = {Bo Han and Vijay Gopalakrishnan and Lusheng Ji and Seungjoon Lee},
  title = {Network function virtualization: Challenges and opportunities for innovations},
  journal = {{IEEE} Communications Magazine}
}

@article{sdn-comprehensive,
  doi = {10.1109/jproc.2014.2371999},
  url = {https://doi.org/10.1109%2Fjproc.2014.2371999},
  year  = {2015},
  month = {jan},
  publisher = {Institute of Electrical and Electronics Engineers ({IEEE})},
  volume = {103},
  number = {1},
  pages = {14--76},
  author = {Diego Kreutz and Fernando M. V. Ramos and Paulo Esteves Verissimo and Christian Esteve Rothenberg and Siamak Azodolmolky and Steve Uhlig},
  title = {Software-Defined Networking: A Comprehensive Survey},
  journal = {Proceedings of the {IEEE}}
}

@inproceedings{nfv-challenge-direction,
  doi = {10.1109/issrew.2014.48},
  url = {https://doi.org/10.1109%2Fissrew.2014.48},
  year  = {2014},
  month = {nov},
  publisher = {Institute of Electrical and Electronics Engineers ({IEEE})},
  author = {D. Cotroneo and L. De Simone and A.K. Iannillo and A. Lanzaro and R. Natella and Jiang Fan and Wang Ping},
  title = {Network Function Virtualization: Challenges and Directions for Reliability Assurance},
  booktitle = {2014 {IEEE} International Symposium on Software Reliability Engineering Workshops}
}

@article{cloud-computing-challenge,
  doi = {10.1007/s13174-010-0007-6},
  url = {https://doi.org/10.1007%2Fs13174-010-0007-6},
  year  = {2010},
  month = {apr},
  publisher = {Springer Nature},
  volume = {1},
  number = {1},
  pages = {7--18},
  author = {Qi Zhang and Lu Cheng and Raouf Boutaba},
  title = {Cloud computing: state-of-the-art and research challenges},
  journal = {Journal of Internet Services and Applications}
}

@inproceedings{manage-nve,
  doi = {10.1109/inm.2015.7140439},
  url = {https://doi.org/10.1109%2Finm.2015.7140439},
  year  = {2015},
  month = {may},
  publisher = {Institute of Electrical and Electronics Engineers ({IEEE})},
  author = {Rashid Mijumbi and Joan Serrat and Juan-Luis Gorricho},
  title = {Self-managed resources in network virtualisation environments},
  booktitle = {2015 {IFIP}/{IEEE} International Symposium on Integrated Network Management ({IM})}
}

@article{survey-nv,
  doi = {10.1016/j.comnet.2009.10.017},
  url = {https://doi.org/10.1016%2Fj.comnet.2009.10.017},
  year  = {2010},
  month = {apr},
  publisher = {Elsevier {BV}},
  volume = {54},
  number = {5},
  pages = {862--876},
  author = {N.M. Mosharaf Kabir Chowdhury and Raouf Boutaba},
  title = {A survey of network virtualization},
  journal = {Computer Networks}
}

@article{network-openflow-survey,
  doi = {10.1109/surv.2013.081313.00105},
  url = {https://doi.org/10.1109%2Fsurv.2013.081313.00105},
  year  = {2014},
  publisher = {Institute of Electrical and Electronics Engineers ({IEEE})},
  volume = {16},
  number = {1},
  pages = {493--512},
  author = {Adrian Lara and Anisha Kolasani and Byrav Ramamurthy},
  title = {Network Innovation using {OpenFlow}: A Survey},
  journal = {{IEEE} Communications Surveys {\&} Tutorials}
}

@article{survey-sdn,
  doi = {10.1109/surv.2014.012214.00180},
  url = {https://doi.org/10.1109%2Fsurv.2014.012214.00180},
  year  = {2014},
  publisher = {Institute of Electrical and Electronics Engineers ({IEEE})},
  volume = {16},
  number = {3},
  pages = {1617--1634},
  author = {Bruno Astuto A. Nunes and Marc Mendonca and Xuan-Nam Nguyen and Katia Obraczka and Thierry Turletti},
  title = {A Survey of Software-Defined Networking: Past,  Present,  and Future of Programmable Networks},
  journal = {{IEEE} Communications Surveys {\&} Tutorials}
}

@article{nfv-survey,
  doi = {10.1109/comst.2015.2477041},
  url = {https://doi.org/10.1109%2Fcomst.2015.2477041},
  year  = {2016},
  publisher = {Institute of Electrical and Electronics Engineers ({IEEE})},
  volume = {18},
  number = {1},
  pages = {236--262},
  author = {Rashid Mijumbi and Joan Serrat and Juan-Luis Gorricho and Niels Bouten and Filip De Turck and Raouf Boutaba},
  title = {Network Function Virtualization: State-of-the-Art and Research Challenges},
  journal = {{IEEE} Communications Surveys {\&} Tutorials}
}

@techreport{nfv2014-v121,
  author = "NFV",
  title = "GS NFV 003 - V1.2.1 - network functions Virtualisation (NFV); terminology for main concepts in NFV",
  url = "http://www.etsi.org/deliver/etsi_gs/NFV/001_099/003/01.02.01_60/gs_NFV003v010201p.pdf",
  month = {dec},
  year = "2014"
}

@techreport{nfv2014-v111,
  author = "NFV",
  title = "GS NFV-MAN 001 - V1.1.1 - network functions Virtualisation (NFV); management and orchestration",
  url = "http://www.etsi.org/deliver/etsi_gs/NFV-MAN/001_099/001/01.01.01_60/gs_nfv-man001v010101p.pdf",
  month = {dec},
  year = "2014"
}

@techreport{nfv2015,
  author = "NFV",
  title = "GS NFV-INF 004 - V1.1.1 - network functions Virtualisation (NFV); infrastructure; Hypervisor domain",
  url = "http://www.etsi.org/deliver/etsi_gs/NFV-INF/001_099/004/01.01.01_60/gs_nfv-inf004v010101p.pdf",
  month = {jan},
  year = "2015"
}

%frank paart

@inproceedings{internet-traffic-classify,
  doi = {10.1109/apnoms.2015.7275374},
  url = {https://doi.org/10.1109%2Fapnoms.2015.7275374},
  year  = {2015},
  month = {aug},
  publisher = {Institute of Electrical and Electronics Engineers ({IEEE})},
  author = {Sung-Ho Lee and Jun-Sang Park and Sung-Ho Yoon and Myung-Sup Kim},
  title = {High performance payload signature-based Internet traffic classification system},
  booktitle = {2015 17th Asia-Pacific Network Operations and Management Symposium ({APNOMS})}
}

@inproceedings{payload-signature-calssify,
  doi = {10.1109/apnoms.2016.7737287},
  url = {https://doi.org/10.1109%2Fapnoms.2016.7737287},
  year  = {2016},
  month = {oct},
  publisher = {Institute of Electrical and Electronics Engineers ({IEEE})},
  author = {Young-Hoon Goo and  Kyu-Seok Shim and  Su-Kang Lee and Myung-Sup Kim},
  title = {Payload signature structure for accurate application traffic classification},
  booktitle = {2016 18th Asia-Pacific Network Operations and Management Symposium ({APNOMS})}
}

@inproceedings{traffic-classify-ensemble,
  doi = {10.1109/icspcc.2015.7338810},
  url = {https://doi.org/10.1109%2Ficspcc.2015.7338810},
  year  = {2015},
  month = {sep},
  publisher = {Institute of Electrical and Electronics Engineers ({IEEE})},
  author = {Yaojun Ding},
  title = {A method of imbalanced traffic classification based on ensemble learning},
  booktitle = {2015 {IEEE} International Conference on Signal Processing,  Communications and Computing ({ICSPCC})}
}

@inproceedings{classify-aggregate,
  doi = {10.1109/cimsim.2015.15},
  url = {https://doi.org/10.1109%2Fcimsim.2015.15},
  year  = {2015},
  month = {jul},
  publisher = {Institute of Electrical and Electronics Engineers ({IEEE})},
  author = {Lekshmi M Nair and G P Sajeev},
  title = {Internet Traffic Classification by Aggregating Correlated Decision Tree Classifier},
  booktitle = {2015 Seventh International Conference on Computational Intelligence,  Modelling and Simulation ({CIMSim})}
}

@inproceedings{classify-naive-bayes,
  doi = {10.1109/iraniancee.2015.7146216},
  url = {https://doi.org/10.1109%2Firaniancee.2015.7146216},
  year  = {2015},
  month = {may},
  publisher = {Institute of Electrical and Electronics Engineers ({IEEE})},
  author = {Fatemeh Ghofrani and Azizollah Jamshidi and Alireza Keshavarz-Haddad},
  title = {Internet traffic classification using Hidden Naive Bayes model},
  booktitle = {2015 23rd Iranian Conference on Electrical Engineering}
}

@inproceedings{multiple-classifier,
  doi = {10.1109/ikt.2015.7288772},
  url = {https://doi.org/10.1109%2Fikt.2015.7288772},
  year  = {2015},
  month = {may},
  publisher = {Institute of Electrical and Electronics Engineers ({IEEE})},
  author = {Fatemeh Ghofrani and Alireza Keshavarz-Haddad and Azizollah Jamshidi},
  title = {Internet traffic classification using multiple classifiers},
  booktitle = {2015 7th Conference on Information and Knowledge Technology ({IKT})}
}

@inproceedings{enhance-performance-traffic,
  doi = {10.1109/compsac.2015.50},
  url = {https://doi.org/10.1109%2Fcompsac.2015.50},
  year  = {2015},
  month = {jul},
  publisher = {Institute of Electrical and Electronics Engineers ({IEEE})},
  author = {Sophon Mongkolluksamee and Vasaka Visoottiviseth and Kensuke Fukuda},
  title = {Enhancing the Performance of Mobile Traffic Identification with Communication Patterns},
  booktitle = {2015 {IEEE} 39th Annual Computer Software and Applications Conference}
}

@incollection{ground-truth-classify,
  doi = {10.1007/978-3-319-04918-2_10},
  url = {https://doi.org/10.1007%2F978-3-319-04918-2_10},
  year  = {2014},
  publisher = {Springer Nature},
  pages = {98--108},
  author = {Valent{\'{\i}}n Carela-Espa{\~{n}}ol and Tomasz Bujlow and Pere Barlet-Ros},
  title = {Is Our Ground-Truth for Traffic Classification Reliable?},
  booktitle = {Passive and Active Measurement}
}

@inproceedings{Iwai2016,
  doi = {10.1109/apnoms.2016.7737226},
  url = {https://doi.org/10.1109%2Fapnoms.2016.7737226},
  year  = {2016},
  month = {oct},
  publisher = {Institute of Electrical and Electronics Engineers ({IEEE})},
  author = {Takamitsu Iwai and Akihiro Nakao},
  title = {Adaptive mobile application identification through in-network machine learning},
  booktitle = {2016 18th Asia-Pacific Network Operations and Management Symposium ({APNOMS})}
}

@article{seo2014,
author = {Kyoung-Taek Seo and Hyun-Seo Hwang and Il-Young Moon and Oh-Young Kwon and Byeong-Jun Kim},
doi = {10.14257/astl.2014.66.25},
publisher = {Science and Engineering Research Support Society},
title = {Performance comparison analysis of Linux container and virtual machine for building cloud},
url = {http://onlinepresent.org/proceedings/vol66\_2014/25.pdf},
urldate = {2017-02-25},
year = {2014}
}

@article{TinKamHo1998,
  doi = {10.1109/34.709601},
  url = {https://doi.org/10.1109%2F34.709601},
  year  = {1998},
  publisher = {Institute of Electrical and Electronics Engineers ({IEEE})},
  volume = {20},
  number = {8},
  pages = {832--844},
  author = {Tin Kam Ho},
  title = {The random subspace method for constructing decision forests},
  journal = {{IEEE} Transactions on Pattern Analysis and Machine Intelligence}
}

@inproceedings{muc4,
  author = {Chinchor, Nancy},
  title = {MUC-4 Evaluation Metrics},
  booktitle = {Proceedings of the 4th Conference on Message Understanding},
  series = {MUC4 '92},
  year = {1992},
  isbn = {1-55860-273-9},
  location = {McLean, Virginia},
  pages = {22--29},
  numpages = {8},
  url = {http://dx.doi.org/10.3115/1072064.1072067},
  doi = {10.3115/1072064.1072067},
  acmid = {1072067},
  publisher = {Association for Computational Linguistics},
  address = {Stroudsburg, PA, USA},
}

@incollection{sdn-ft,
author = "Maciej Kuźniar and Peter Pereš{\' i}ni and Dejan Kostić",
booktitle = "Passive and Active Measurement",
doi = "10.1007/978-3-319-15509-8\_26",
pages = "347-359",
publisher = "Springer Science + Business Media",
title = "What you need to know about SDN flow tables",
url = "http://wan.poly.edu/pam2015/papers/73.pdf",
urldate = "2016-11-01",
year = "2015"
}

@inproceedings{service-chain,
  doi = {10.1109/ewsdn.2014.14},
  url = {https://doi.org/10.1109%2Fewsdn.2014.14},
  year  = {2014},
  month = {sep},
  publisher = {Institute of Electrical and Electronics Engineers ({IEEE})},
  author = {Jeremias Blendin and Julius Ruckert and Nicolai Leymann and Georg Schyguda and David Hausheer},
  title = {Position Paper: Software-Defined Network Service Chaining},
  booktitle = {2014 Third European Workshop on Software Defined Networks}
}

@techreport{sdn-new-norm,
author = "Open Networking Foundation",
title = "Software-defined networking: The new norm for networks",
url = "https://www.opennetworking.org/images/stories/downloads/sdn-resources/white-papers/wp-sdn-newnorm.pdf",
year = "2012"
}

@inproceedings{nfv-placemet,
  doi = {10.1109/inm.2015.7140281},
  url = {https://doi.org/10.1109%2Finm.2015.7140281},
  year  = {2015},
  month = {may},
  publisher = {Institute of Electrical and Electronics Engineers ({IEEE})},
  author = {Marcelo Caggiani Luizelli and Leonardo Richter Bays and Luciana Salete Buriol and Marinho Pilla Barcellos and Luciano Paschoal Gaspary},
  title = {Piecing together the {NFV} provisioning puzzle: Efficient placement and chaining of virtual network functions},
  booktitle = {2015 {IFIP}/{IEEE} International Symposium on Integrated Network Management ({IM})}
}

@inproceedings{nfv-placement-model,
  doi = {10.1109/cnsm.2014.7014205},
  url = {https://doi.org/10.1109%2Fcnsm.2014.7014205},
  year  = {2014},
  month = {nov},
  publisher = {Institute of Electrical and Electronics Engineers ({IEEE})},
  author = {Hendrik Moens and Filip De Turck},
  title = {{VNF}-P: A model for efficient placement of virtualized network functions},
  booktitle = {10th International Conference on Network and Service Management ({CNSM}) and Workshop}
}

@inproceedings{Qazi2013,
  doi = {10.1145/2486001.2491700},
  url = {https://doi.org/10.1145%2F2486001.2491700},
  year  = {2013},
  publisher = {Association for Computing Machinery ({ACM})},
  author = {Zafar Ayyub Qazi and Jeongkeun Lee and Tao Jin and Gowtham Bellala and Manfred Arndt and Guevara Noubir},
  title = {Application-awareness in {SDN}},
  booktitle = {Proceedings of the {ACM} {SIGCOMM} 2013 conference on {SIGCOMM} - {SIGCOMM}'13}
}


@inproceedings{Iwai2016,
  doi = {10.1109/apnoms.2016.7737226},
  url = {https://doi.org/10.1109%2Fapnoms.2016.7737226},
  year  = {2016},
  month = {oct},
  publisher = {Institute of Electrical and Electronics Engineers ({IEEE})},
  author = {Takamitsu Iwai and Akihiro Nakao},
  title = {Adaptive mobile application identification through in-network machine learning},
  booktitle = {2016 18th Asia-Pacific Network Operations and Management Symposium ({APNOMS})}
}


@inproceedings{Plonka_flexibletraffic,

    year = {2011},
	month = {apr},
	publisher = {Association for Computing Machinery ({ACM})},
	author = {David Plonka and Paul Barford},
	title = {Flexible Traffic and Host Profiling via DNS Rendezvous},
	booktitle ={Workshop on Securing and Trusting Internet Names ({SATIN})}
}


%%%%%%%%% from vicky's master thesis
% Google Scholar is good at creating the BibTeX-formatted bibliography.
% Or open this with some tools like BibDesk

%%%% ETSI
@techreport{etsi-nfv-archi,
  title = {{Network Functions Virtualisation (NFV); Virtual Network Functions Architecture}},
  author = {{NFV ISG}},
  year = {2014},
  month = dec,
  number = {GS NFV-SWA 001 V1.1.1},
  institution= {ETSI}
}

@techreport{etsi-nfv-terminology,
  title = {{Network Functions Virtualisation (NFV); Terminology for Main Concepts in NFV}},
  author = {{NFV ISG}},
  year = {2014},
  month = dec,
  number = {GS NFV 003 V1.2.1},
  institution = {ETSI}
}

@techreport{etsi-nfv-mano,
  title = {{Network Functions Virtualisation (NFV); Management and Orchestration}},
  author = {{NFV ISG}},
  year = {2014},
  month = dec,
  number = {GS NFV-MAN 001 V1.1.1},
  institution = {ETSI}
}

@techreport{etsi-nfv-infra,
  title = {{Network Functions Virtualisation (NFV); Infrastructure; Hypervisor Domain}},
  author = {{NFV ISG}},
  year = {2015},
  month = jan,
  number = {GS NFV-INF 004 V1.1.1},
  institution = {ETSI}
}

@techreport{etsi-nfv-mano-sdn,
  title = {{Network Functions Virtualisation (NFV); Ecosystem; Report on SDN Usage in NFV Architectural Framework}},
  author = {{NFV ISG}},
  year = {2015},
  month = dec,
  number = {GS NFV-EVE 005 V1.1.1},
  institution = {ETSI}
}

@techreport{etsi-nfv-usecase,
  title = {{Network functions virtualisation (NFV); use cases}},
  author = {{NFV ISG}},
  year = {2013},
  month=oct,
  number = {GS NFV 001 V1.1.1},
  institution = {ETSI}
}

%%%% Introduction
% SDN
@article{sdn-mckeown-2009-talk,
  title = {Software-defined networking},
  author = {McKeown, Nick},
  journal = {INFOCOM keynote talk},
  volume = {17},
  number = {2},
  pages = {30--32},
  year = {2009}
}

@article{sdn-newnorm,
  title = {Software-defined networking: The new norm for networks},
  author = {Fundation, Open Networking},
  journal = {ONF White Paper},
  volume = {2},
  pages = {2--6},
  year = {2012},
}

@article{sdn-road,
  doi = {10.1145/2602204.2602219},
  year  = {2014},
  month = apr,
  publisher = {Association for Computing Machinery ({ACM})},
  volume = {44},
  number = {2},
  pages = {87--98},
  author = {Nick Feamster and Jennifer Rexford and Ellen Zegura},
  title = {The road to {SDN}},
  journal = {{ACM} {SIGCOMM} Computer Communication Review}
}

@article{sdn-compre-survey,
  doi = {10.1109/jproc.2014.2371999},
  year  = {2015},
  month = jan,
  publisher = {Institute of Electrical and Electronics Engineers ({IEEE})},
  volume = {103},
  number = {1},
  pages = {14--76},
  author = {Diego Kreutz and Fernando M. V. Ramos and Paulo Esteves Verissimo and Christian Esteve Rothenberg and Siamak Azodolmolky and Steve Uhlig},
  title = {Software-Defined Networking: A Comprehensive Survey},
  journal = {Proceedings of the {IEEE}}
}

% openflow
@article{openflow-spec,
  title = {Openflow switch specification, version 1.3. 0},
  author = {Pfaff, Ben and Lantz, B and Heller, Bea and others},
  journal = {Open Networking Foundation},
  year = {2012}
}

@article{openflow-mckeown-2008,
  doi = {10.1145/1355734.1355746},
  year  = {2008},
  month = mar,
  publisher = {Association for Computing Machinery ({ACM})},
  volume = {38},
  number = {2},
  pages = {69},
  author = {Nick McKeown and Tom Anderson and Hari Balakrishnan and Guru Parulkar and Larry Peterson and Jennifer Rexford and Scott Shenker and Jonathan Turner},
  title = {{OpenFlow}},
  journal = {{ACM} {SIGCOMM} Computer Communication Review}
}


% NFV
@inproceedings{nfv-wp,
  title = {Network functions virtualisation: An introduction, benefits, enablers, challenges and call for action},
  author = {Chiosi, Margaret and Clarke, Don and Willis, Peter and Reid, Andy and Feger, James and Bugenhagen, Michael and Khan, Waqar and Fargano, Michael and Cui, Chunfeng and Deng, Hui and others},
  booktitle = {SDN and OpenFlow World Congress},
  pages = {22--24},
  year = {2012}
}

@article{nfv-survey,
  doi = {10.1109/comst.2015.2477041},
  year  = {2016},
  publisher = {Institute of Electrical and Electronics Engineers ({IEEE})},
  volume = {18},
  number = {1},
  pages = {236--262},
  author = {Rashid Mijumbi and Joan Serrat and Juan-Luis Gorricho and Niels Bouten and Filip De Turck and Raouf Boutaba},
  title = {Network Function Virtualization: State-of-the-Art and Research Challenges},
  journal = {{IEEE} Communications Surveys {\&} Tutorials}
}

% NFV for cpe
@misc{nec-vcpe,
  title= {NEC's vCPE solution},
  author= {{NEC/Netcracker}},
  url = {http://www.nec.com/en/global/solutions/tcs/vcpe/}
}

@inproceedings{vcpe-enhance,
  doi = {10.1109/cloudcom.2012.6427560},
  year  = {2012},
  month = dec,
  publisher = {{IEEE}},
  author = {Pau Minoves and Ole Frendved and Bo Peng and Andrew Mackarel and Dave Wilson},
  title = {Virtual {CPE}: Enhancing {CPE}'s deployment and operations through virtualization},
  booktitle = {4th {IEEE} International Conference on Cloud Computing Technology and Science Proceedings}
}


@inproceedings{nfv-home,
  doi = {10.1109/ccnc.2014.6940493},
  year  = {2014},
  month = jan,
  publisher = {{IEEE}},
  author = {Zvika Bronstein and Eyal Shraga},
  title = {{NFV} virtualisation of the home environment},
  booktitle = {2014 {IEEE} 11th Consumer Communications and Networking Conference ({CCNC})}
}

% vCPE no SDN
@inproceedings{virtual-rg,
  doi = {10.1109/wises.2007.4408509},
  year  = {2007},
  month = jun,
  publisher = {{IEEE}},
  author = {Mario Ibanez and Natividad Mart\'inez Madrid and Ralf Seepold},
  title = {Virtualization of Residential Gateways},
  booktitle = {2007 Fifth Workshop on Intelligent Solutions in Embedded Systems}
}

@inproceedings{security-vgw,
  doi = {10.1109/securware.2009.18},
  year  = {2009},
  publisher = {{IEEE}},
  author = {Mario Ibanez and Natividad Mart\'inez Madrid and Ralf Seepold},
  title = {Security Management with Virtual Gateway Platforms},
  booktitle = {2009 Third International Conference on Emerging Security Information,  Systems and Technologies}
}

@inproceedings{design-vrgw,
  doi = {10.1109/cecnet.2012.6201791},
  year  = {2012},
  month = apr,
  publisher = {{IEEE}},

  author = {Bruce Zamaere and Lu Da and Elis Kullberg},
  title = {On the design and implementation of a virtualized residential gateway},
  booktitle = {2012 2nd International Conference on Consumer Electronics,  Communications and Networks ({CECNet})}
}

@inproceedings{nfv-hgw-surrogate,
  doi = {10.1109/nof.2015.7333284},
  year  = {2015},
  month = sep,
  publisher = {{IEEE}},
  author = {Nicolas Herbaut and Daniel Negru and George Xilouris and Yiping Chen},
  title = {Migrating to a {NFV}-based Home Gateway: Introducing a Surrogate {vNF} approach},
  booktitle = {2015 6th International Conference on the Network of the Future ({NOF})}
}

@inproceedings{linux-cpe,
  doi = {10.1109/netsoft.2015.7116166},
  year  = {2015},
  month = apr,
  publisher = {{IEEE}},
  author = {Fernando Sanchez and David Brazewell},
  title = {Tethered Linux {CPE} for {IP} service delivery},
  booktitle = {Proceedings of the 2015 1st {IEEE} Conference on Network Softwarization ({NetSoft})}
}


@inproceedings{nfv-resoure-contrain-cpe,
  doi = {10.1109/cloudnet.2016.24},
  year  = {2016},
  month = oct,
  publisher = {{IEEE}},
  author = {Roberto Bonafiglia and Sebastiano Miano and Sergio Nuccio and Fulvio Risso and Amedeo Sapio},
  title = {Enabling {NFV} Services on Resource-Constrained {CPEs}},
  booktitle = {2016 5th {IEEE} International Conference on Cloud Networking (Cloudnet)}
}

% Essential Relatd Work
@inproceedings{cloud4nfv,
  doi = {10.1109/cloudnet.2014.6969010},
  year  = {2014},
  month = oct,
  publisher = {{IEEE}},
  author = {Joao Soares and Miguel Dias and Jorge Carapinha and Bruno Parreira and Susana Sargento},
  title = {Cloud4NFV: A platform for Virtual Network Functions},
  booktitle = {2014 {IEEE} 3rd International Conference on Cloud Networking ({CloudNet})}
}

@article{cloud4nfv-telco,
  doi = {10.1109/mcom.2015.7045397},
  year  = {2015},
  month = feb,
  publisher = {Institute of Electrical and Electronics Engineers ({IEEE})},
  volume = {53},
  number = {2},
  pages = {98--106},
  author = {Joao Soares and Carlos Goncalves and Bruno Parreira and Paulo Tavares and Jorge Carapinha and Joao Paulo Barraca and Rui L. Aguiar and Susana Sargento},
  title = {Toward a telco cloud environment for service functions},
  journal = {{IEEE} Communications Magazine}
}

@inproceedings{netfate,
  doi = {10.1109/netsoft.2015.7116179},
  year  = {2015},
  month = apr,
  publisher = {{IEEE}},
  author = {A. Lombardo and A. Manzalini and G. Schembra and G. Faraci and C. Rametta and V. Riccobene},
  title = {An open framework to enable {NetFATE} (Network Functions at the edge)},
  booktitle = {Proceedings of the 2015 1st {IEEE} Conference on Network Softwarization ({NetSoft})}
}

@MastersThesis{che-wei-master,
  author = {Che-Wei Lin},
  title = {{A Novel Virtual CPE Architecture and Service for Enterprises with SDN Network Technologies}},
  school = {National Tsing Hua University},
  address = {No.101, Sec. 2, Guangfu Rd., East Dist., Hsinchu City 300, Taiwan},
  year = {2016},
}

@inproceedings{che-wei-umedia,
  title = {A Novel Virtual CPE Architecture and Service for Enterprises with SDN Network Technologies},
  author = {Huang, Nen-Fu and Lin, Che-Wei and Wu, Sheng-Jung and Li, Chi-Hsuan and Liao, I-Ju},
  booktitle = {PROCEEDINGS OF THE 9TH IEEE INTERNATIONAL CONFERENCE ON UBI-MEDIA COMPUTING" UMEDIA-2016"},
  pages = {104--109},
  year = {2016}
}


% use SDN but not focused on CPE it self
@inproceedings{nfv-bw-qoe-video,
  doi = {10.1109/emtc.2014.6996646},
  year  = {2014},
  month = nov,
  publisher = {{IEEE}},
  author = {George Agapiou and Ioanna Papafili and Stelios Agapiou},
  title = {The role of {SDN} and {NFV} for dynamic bandwidth allocation and {QoE} adaptation of video applications in home networks},
  booktitle = {2014 Euro Med Telco Conference ({EMTC})}
}

@article{vhgw-computer,
  doi = {10.1109/mc.2014.338},
  year  = {2014},
  month = nov,
  publisher = {Institute of Electrical and Electronics Engineers ({IEEE})},
  volume = {47},
  number = {11},
  pages = {62--65},
  author = {Marion Dillon and Timothy Winters},
  title = {Virtualization of Home Network Gateways},
  journal = {Computer}
}

@techreport{multiple-flow-table,
  title = {The Benefits of Multiple Flow Tables and TTPs},
  author = {{Open Networking Fundation}},
  year = {2015},
  institution = {{ONF}}
}

@article{sdn-enabled,
	doi = {10.1109/mcom.2015.7081093},
	year = 2015,
	month = apr,
	publisher = {Institute of Electrical and Electronics Engineers ({IEEE})},
	volume = {53},
	number = {4},
	pages = {187--193},
	author = {Jon Matias and Jokin Garay and Nerea Toledo and Juanjo Unzilla and Eduardo Jacob},
	title = {Toward an {SDN}-enabled {NFV} architecture},
	journal = {{IEEE} Communications Magazine}
}


%%%% related work
@misc{ryu,
  title = {Ryu {SDN} Framework},
  Howpublished = {\url{http://osrg.github.io/ryu/}},}

%%%% implementation
@incollection{sdn-ft,
  author = "Maciej Kuźniar and Peter Pereš{\' i}ni and Dejan Kostić",
  booktitle = "Passive and Active Measurement",
  doi = "10.1007/978-3-319-15509-8\_26",
  pages = "347-359",
  publisher = "Springer Science + Business Media",
  title = "What you need to know about SDN flow tables",
  year = "2015"
}
